@inproceedings{implementasi, 
	title = {Implementasi algoritma dijkstra dalam menemukan jarak terdekat dari lokasi pengguna ke tanaman yang di tuju berbasis android (studi kasus di kebun raya purwodadi)},
	author = { Muhammad Syamsuddin Yusuf, Hanifah Muslimah Az-Zahra, Diah Harnoni Apriyanti},
	booktitle = {Jurnal Pengembangan Teknologi Informasi dan Ilmu Komputer
e-ISSN},
	volume = {2548},
	pages = {964X},
	year = {2017},
	}

@book{ref2,
	author = {Rosen, Kenneth},
	title = {Discrete Mathematics and Itâ€™s Applications - Seventh Edition},
	publisher = {McGraw-Hill.Inc},
	year = {2012},
	}
	
@book{ref3,
	author = {Edsger W. Dijkstra},
	title = {A Note on Two Problems in Connection with Graphs},
	year = {1959},
	}